@INPROCEEDINGS{x_vectors_original,
  author={Snyder, David and Garcia-Romero, Daniel and Sell, Gregory and Povey, Daniel and Khudanpur, Sanjeev},
  booktitle={2018 IEEE International Conference on Acoustics, Speech and Signal Processing (ICASSP)}, 
  title={X-Vectors: Robust DNN Embeddings for Speaker Recognition}, 
  year={2018},
  volume={},
  number={},
  pages={5329-5333},
  doi={10.1109/ICASSP.2018.8461375}}

